
@ARTICLE{algo-salesman,
    author = "Shen Lin and Brian W. Kernighan",
    title = "An Effective Heuristic Algorithm for the Travelling-Salesman Problem",
    journal = "Operations Research",
    volume = 21,
    year = 1973,
    pages = "498-516"
 }
 
@INBOOK{brooks2001-silver,
	TITLE="The Mythical Man-Month",
	CHAPTER="No Silver Bullet - Essence and Accident in Software Engineering",
	AUTHOR="F. P. Brooks",
	PAGES="177--203",
	YEAR=2001,
	PUBLISHER="Addison Wesley Longman Inc.",
	ADDRESS="New York",
	EDITION="15., Aufl."
}

@BOOK{mueller2000,
	AUTHOR="J.-A. MÃ¼ller",
	TITLE="Systems Engineering",
	PUBLISHER="Manz-Verlag Schulbuch (Fortis)",
	YEAR=2000,
	ADDRESS="Wien"
}